%%%%%%%%%%%%%%%%%%%%%%%%%%%%%%%%%%%%%%%%%%%%%%%%%%%%%%%%%%%%%%%%%%%%%%%%%%%%%%%%
%%%%%%  This file contains bibliography for Tufte-LaTeX sample documents  %%%%%%
%  Written by original Tufte-LaTeX team, modified by Daniel Aaron Salwerowicz  %
%%%%%%%%%%%%%%%%%%%%%%%%%%%%%%%%%%%%%%%%%%%%%%%%%%%%%%%%%%%%%%%%%%%%%%%%%%%%%%%%

@book{Tufte1990,
	author = {Edward R. Tufte},
	title = {Envisioning Information},
	year = {1990},
	publisher = {Graphics Press},
	address = {Cheshire, Connecticut},
	isbn = {0-9613921-1-8}
}

@book{Tufte1997,
	author = {Edward R. Tufte},
	title = {Visual Explanations},
	year = {1997},
	publisher = {Graphics Press},
	address = {Cheshire, Connecticut},
	isbn = {0-9613921-2-6}
}

@book{Tufte2001,
	author = {Edward R. Tufte},
	title = {The Visual Display of Quantitative Information},
	year = {2001},
	publisher = {Graphics Press},
	address = {Cheshire, Connecticut},
	isbn = {0-9613921-4-2}
}

@book{Tufte2006,
	author = {Edward R. Tufte},
	title = {Beautiful Evidence},
	year = {2006},
	month = {May},
	publisher = {Graphics Press, {LLC}},
	address = {Cheshire, Connecticut},
	edition = {First},
	isbn = {0-9613921-7-7}
}

@book{Bringhurst2005,
	author = {Robert Bringhurst},
	title = {The Elements of Typography},
	year = {2005},
	publisher = {Hartley \& Marks},
  address = {Vancouver, British Columbia},
	edition = {3.1},
	isbn = {0-88179-205-5}
}

@book{Mittelbach2004,
	author = {Frank Mittelbach and Michel Goossens},
	title = {The \LaTeX\ Companion},
	year = {2004},
	publisher = {Addison-Wesley},
  address = {Boston, Massachusetts},
	edition = {Second},
	isbn = {0-201-36299-6}
}

@MImiscSC{pkg-geometry,
  author = {Hideo Umeki},
  title = {The \texttt{geometry} package},
  year = {2008},
  month = {Dec},
  howpublished = {\url{http://ctan.org/pkg/geometry}}
}

